@ARTICLE{bowman:reasoning,
	AUTHOR = "Mic Bowman and Saumya K. Debray and Larry L. Peterson",
	TITLE = "Reasoning About Naming Systems",
	JOURNAL = "ACM Trans. Program. Lang. Syst.",
	VOLUME = {15},
	NUMBER = {5},
	PAGES = {795-825},
	MONTH = "November",
	YEAR = {1993}	}

@ARTICLE{braams:babel,
	AUTHOR = "Johannes Braams",
	TITLE = "Babel, a Multilingual Style-Option System for Use with LaTeX's Standard Document Styles",
	JOURNAL = {TUGboat},
	VOLUME = {12},
	NUMBER = {2},
	PAGES = {291-301},
	MONTH = "June",
	YEAR = {1991}	}

@INPROCEEDINGS{clark:pct,
	AUTHOR = "Malcolm Clark",
	TITLE = "Post Congress Tristesse",
	BOOKTITLE = "TeX90 Conference Proceedings",
	PAGES = "84-89",
	ORGANIZATION = "TeX Users Group",
	MONTH = "March", 
	YEAR = {1991}	}

@ARTICLE{herlihy:methodology,
	AUTHOR = "Maurice Herlihy",
	TITLE = "A Methodology for Implementing Highly Concurrent
	Data Objects",
	JOURNAL = {ACM Trans. Program. Lang. Syst.},
	VOLUME = {15},
	NUMBER = {5},
	PAGES = {745-770},
	MONTH = "November",
	YEAR = {1993}	}

@BOOK{Lamport:LaTeX,
	AUTHOR = "Leslie Lamport",
	TITLE = "LaTeX User's Guide and Document Reference Manual",
	PUBLISHER = "Addison-Wesley Publishing Company",
	ADDRESS = "Reading, Massachusetts",
	YEAR = "1986"	}

@BOOK{salas:calculus,
	AUTHOR = "S.L. Salas and Einar Hille",
	TITLE = "Calculus: One and Several Variable",
	PUBLISHER = "John Wiley and Sons",
	ADDRESS = "New York",
	YEAR = "1978"	}
	
@BOOK{DecisionTree2008,
	AUTHOR = "Rokach, Lior and Maimon, O",
	TITLE = "Data mining with decision trees: theory and applications",
	PUBLISHER = "World Scientific Pub Co Inc",
	YEAR = "2008"	}

@inproceedings{Giger2010,
 author = {Giger, Emanuel and Pinzger, Martin and Gall, Harald},
 title = {Predicting the Fix Time of Bugs},
 booktitle = {Proceedings of the 2nd International Workshop on Recommendation
Systems for Software Engineering},
 series = {RSSE '10},
 year = {2010},
 location = {Cape Town, South Africa},
 pages = {52--56},
 numpages = {5},
 publisher = {ACM},
 address = {New York, NY, USA} 
}

@inproceedings{Nagappan2005,
  title={Use of relative code churn measures to predict system defect density},
  author={Nagappan, Nachiappan and Ball, Thomas},
  booktitle={Software Engineering, 2005. ICSE 2005. Proceedings. 27th 
  International Conference on},
  pages={284--292},
  year={2005},
  organization={IEEE}
}

@inproceedings{Marks2011,
 author = {Marks, Lionel and Zou, Ying and Hassan, Ahmed E.},
 title = {Studying the Fix-time for Bugs in Large Open Source Projects},
 booktitle = {Proceedings of the 7th International Conference on Predictive
Models in Software Engineering},
 series = {Promise '11},
 year = {2011},
 isbn = {978-1-4503-0709-3},
 location = {Banff, Alberta, Canada},
 pages = {11:1--11:8},
 articleno = {11},
 numpages = {8},
 publisher = {ACM},
 address = {New York, NY, USA},
 keywords = {bug fix-time, empirical software engineering, mining software
repositories}
} 

@inproceedings{Zhang2012,
author={Feng Zhang and Khomh, F. and Ying Zou and Hassan, A.E.},
booktitle={Reverse Engineering (WCRE), 2012 19th Working Conference on},
title={An Empirical Study on Factors Impacting Bug Fixing Time},
year={2012},
month={Oct},
pages={225-234},
keywords={program debugging;public domain software;regression analysis;software 
engineering;bug assignment;bug fixing;bug fixing time;bug report;bug 
resolution;code change;code review;code verification;descriptive logistic 
regression model;open source software system;software development 
process;source code;Computer bugs;Delay;Distributed Bragg 
reflectors;History;Logistics;Operating systems;bug fixing process;bug 
report;change request;empirical software engineering;fixing time;mylyn},
doi={10.1109/WCRE.2012.32},
ISSN={1095-1350},}

@inproceedings{Weib2007,
 author = {Weib, Cathrin and Premraj, Rahul and Zimmermann, Thomas and
Zeller, Andreas},
 title = {How Long Will It Take to Fix This Bug?},
 booktitle = {Proceedings of the Fourth International Workshop on Mining
Software Repositories},
 series = {MSR '07},
 year = {2007},
 isbn = {0-7695-2950-X},
 pages = {1--},
 publisher = {IEEE Computer Society},
 address = {Washington, DC, USA}
} 

@inproceedings{Zhang2013,
 author = {Zhang, Hongyu and Gong, Liang and Versteeg, Steve},
 title = {Predicting Bug-fixing Time: An Empirical Study of Commercial Software Projects},
 booktitle = {Proceedings of the 2013 International Conference on Software Engineering},
 series = {ICSE '13},
 year = {2013},
 isbn = {978-1-4673-3076-3},
 location = {San Francisco, CA, USA},
 pages = {1042--1051},
 numpages = {10},
 publisher = {IEEE Press},
 address = {Piscataway, NJ, USA},
}

@inproceedings{Kim2006,
 author = {Kim, Sunghun and Whitehead,Jr., E. James},
 title = {How Long Did It Take to Fix Bugs?},
 booktitle = {Proceedings of the 2006 International Workshop on Mining Software
Repositories},
 series = {MSR '06},
 year = {2006},
 isbn = {1-59593-397-2},
 location = {Shanghai, China},
 pages = {173--174},
 numpages = {2},
 url = {http://doi.acm.org/10.1145/1137983.1138027},
 doi = {10.1145/1137983.1138027},
 acmid = {1138027},
 publisher = {ACM},
 address = {New York, NY, USA},
} 

@INPROCEEDINGS{Anbalagan2009, 
author={Anbalagan, P. and Vouk, M.}, 
booktitle={Proceedings of the 2009 IEEE International Conference on Software
Maintenance}, 
title={On predicting the time taken to correct bug reports in open source
projects}, 
series={ICSM '09},
year={2009}, 
month={Sept}, 
pages={523-526}, 
keywords={Linux;program debugging;public domain software;software
maintenance;Linux;Ubuntu;bug report correction time prediction;corrective
maintenance process;open source projects;Computer science;Fault
diagnosis;Feedback;Lab-on-a-chip;Linux;Open source software;Particle
measurements;Predictive models;Software maintenance;Testing}, 
doi={10.1109/ICSM.2009.5306337}, 
ISSN={1063-6773},}

@inproceedings{Anvik2005,
 author = {Anvik, John and Hiew, Lyndon and Murphy, Gail C.},
 title = {Coping with an Open Bug Repository},
 booktitle = {Proceedings of the 2005 OOPSLA Workshop on Eclipse Technology
eXchange},
 series = {eclipse '05},
 year = {2005},
 isbn = {1-59593-342-5},
 location = {San Diego, California},
 pages = {35--39},
 numpages = {5},
 url = {http://doi.acm.org/10.1145/1117696.1117704},
 doi = {10.1145/1117696.1117704},
 acmid = {1117704},
 publisher = {ACM},
 address = {New York, NY, USA},
 keywords = {bugzilla, duplicate detection, machine learning, triage},
}

@inproceedings{Hassan2006,
 author = {Hassan A E, Zhang K},
 title = {Using decision trees to predict the certification result of a build},
 booktitle = {Proceedings of the 21st IEEE/ACM international conference on automated software},
 series = {ASE '06},
 year = {2006},
 pages = {189--198},
 numpages = {10},
}

@inproceedings{Sayyad2001,
 author = {Sayyad J, Lethbridge C},
 title = {Supporting software maintenance by mining software update records},
 booktitle = {Proceedings of the IEEE International Conference on Software Maintenance},
 series = {ICSM '01},
 year = {2001},
 pages = {22--198},
}

@inproceedings{RandomForest2001,
 author = {L. Breiman},
 title = {Random Forests},
 booktitle = {Machine Learning},
 series = {Springer Journal no. 10994},
 year = {2001},
 pages = {5--32},
 }
 
@article{Hall2009,
 author = {Hall, Mark and Frank, Eibe and Holmes, Geoffrey and Pfahringer,
Bernhard and Reutemann, Peter and Witten, Ian H.},
 title = {The WEKA data mining software: an update},
 journal = {SIGKDD Exploration Newsletter},
 issue_date = {June 2009},
 volume = {11},
 number = {1},
 month = nov,
 year = {2009},
 issn = {1931-0145},
 pages = {10--18},
 numpages = {9},
 publisher = {ACM},
 address = {New York, NY, USA},
}

 @book{Quinlan1993,
    address = {San Mateo, CA},
    author = {Ross Quinlan},
    publisher = {Morgan Kaufmann Publishers},
    title = {C4.5: Programs for Machine Learning},
    year = {1993}
 }
 
 @ONLINE{bug883554,
   title = {FireFox, {B}ug 883554, http://goo.gl/OwzSs5},
   note = {Accessed: 17-04-2014},
 } 
 
 @ONLINE{bug4914,
   title = {Argo{UML}, {B}ug 4914, http://goo.gl/IoK56R},
   note = {Accessed: 17-04-2014},
 }
 
 @ONLINE{argoUml,
   title = {Argo{UML}, http://argouml.tigris.org/},
   note = {Accessed: 17-04-2014},
 }
 
 @ONLINE{argoUml_priorities,
   title = {Argo{UML} bug priority levels, http://goo.gl/1T6Xhu},
   note = {Accessed: 17-04-2014},
 }
 
 @ONLINE{eclipse,
   title = {Eclipse, https://www.eclipse.org/},
   note = {Accessed: 17-04-2014},
 }
 
 @ONLINE{Rlanguage,
	 author = {R Core Team},
	 title = {R: A Language and Environment for Statistical Computing,
		 http://www.R-project.org/},
		 note = {Accessed: 22-01-2015},
 }

 @ONLINE{rms,
	 author = {Harrell Jr FE},
	 title = {rms: Regression Modeling Strategies,
		 http://biostat.mc.vanderbilt.edu/rms},
		 note = {Accessed: 22-01-2015},
 }




@book{harrell2001regression,
	title={Regression modeling strategies: with applications to linear
		models, logistic regression, and survival analysis},
	author={Harrell, Frank E},
	year={2001},
	publisher={Springer}
}

@book{hosmer2004applied,
  title={Applied logistic regression},
  author={Hosmer Jr, David W and Lemeshow, Stanley},
  year={2004},
  publisher={John Wiley \& Sons}
}

@article{scott1974cluster,
  title={A cluster analysis method for grouping means in the analysis of variance},
  author={Scott, AJ and Knott, M},
  journal={Biometrics},
  pages={507--512},
  year={1974},
  publisher={JSTOR}
}


 @ONLINE{eclipsePriority,
   title = {Eclipse {H}ow to use {B}ug{Z}illa, http://goo.gl/XuR43g},
   note = {Accessed: 17-04-2014},
 }
 
 @ONLINE{argoUmlReleaseNotes,
   title = {Argo{UML} {R}elease {N}otes, http://goo.gl/rJGGVd},
   note = {Accessed: 20-04-2014},
 }
 
 @ONLINE{argoUmlReleaseNotes_b,
   title = {Argo{UML} {R}elease {N}otes, http://goo.gl/nbdXp7},
   note = {Accessed: 20-04-2014},
 }
 
 @ONLINE{eclipseReleaseNotes, 
   title = {Eclipse {R}elease {N}otes, http://goo.gl/arJJ0u},
   note = {Accessed: 20-04-2014},
 }
 
 @ONLINE{firefoxReleaseNotes,
   title = {Firefox {R}elease {N}otes, http://goo.gl/x8htzm},
   note = {Accessed: 20-04-2014},
 }
 
 @ONLINE{firefoxRelease17,
   title = {Firefox {R}elease {N}otes, http://goo.gl/KHKYCW},
   note = {Accessed: 20-04-2014},
 }
 
 @ONLINE{bugzilla,
   title = {Bugzilla {P}roject {S}ite, http://goo.gl/rLxlUv},
   note = {Accessed: 20-04-2014},
 }
 
 @ONLINE{issuezilla,
   title = {IssueZilla {P}roject {S}ite, http://goo.gl/6gdXkj},
   note = {Accessed: 20-04-2014},
 }
 
 @ONLINE{bigrfPackage,
   title = {Random {F}orest {R} {P}ackage, http://goo.gl/fyyd33},
   note = {Accessed: 20-04-2014},
 }
 
 @ONLINE{firefoxFlags,
   title = {Firefox releases tracking flags, 
   https://wiki.mozilla.org/Releases/Flags},
   note = {Accessed: 20-04-2014},
 }
 
 @ONLINE{bug778073,
   title = {Bug with activities after issue was addressed, 
   http://goo.gl/V7qL6g},
   note = {Accessed: 20-04-2014},
 }
 
 @ONLINE{bugCycle,
   title = {Life cycle of a {B}ug, 
   http://goo.gl/nBMhaf},
   note = {Accessed: 20-04-2014},
 }
 
 @ONLINE{bugFields,
   title = {Bugzilla fields, 
   http://goo.gl/jdBKWD},
   note = {Accessed: 20-04-2014},
 }


@ONLINE{eclipsefreeze,
	title = {Code freeze plan of the Eclipse project, 
		http://eclipse.org/eclipse/development/plans/freeze\_plan\_4\_4.php},
		note = {Accessed: 22-01-2015},
}
 
  @ONLINE{eclipseReleng,
    title = {Eclipse {C}ommiters, {C}ontributors and {C}ouncils, 
    http://goo.gl/q4vZzl},
    note = {Accessed: 14-07-2014},
  }
  
  @ONLINE{firefoxReleng,
    title = {Firefox {R}elease {E}ngineering, 
    http://goo.gl/gbVXSK},
    note = {Accessed: 14-07-2014},
  }
 
 @ONLINE{firefox,
    title = "Mozilla {F}irefox, http://goo.gl/Qyizd2",
    note = {Accessed: 17-04-2014},
  }

@inproceedings{Wu2011,
 author = {Wu, Rongxin and Zhang, Hongyu and Kim, Sunghun and Cheung, 
Shing-Chi},
 title = {ReLink: Recovering Links Between Bugs and Changes},
 booktitle = {Proceedings of the 19th ACM SIGSOFT Symposium and the 13th 
European Conference on Foundations of Software Engineering},
 series = {ESEC/FSE '11},
 year = {2011},
 isbn = {978-1-4503-0443-6},
 location = {Szeged, Hungary},
 pages = {15--25},
 numpages = {11},
 url = {http://doi.acm.org/10.1145/2025113.2025120},
 doi = {10.1145/2025113.2025120},
 acmid = {2025120},
 publisher = {ACM},
 address = {New York, NY, USA},
 keywords = {bugs, changes, data quality, mining software repository, missing 
links},
} 

@inproceedings{Bachmann2010,
 author = {Bachmann, Adrian and Bird, Christian and Rahman, Foyzur and Devanbu, 
Premkumar and Bernstein, Abraham},
 title = {The Missing Links: Bugs and Bug-fix Commits},
 booktitle = {Proceedings of the Eighteenth ACM SIGSOFT International Symposium 
on Foundations of Software Engineering},
 series = {FSE '10},
 year = {2010},
 isbn = {978-1-60558-791-2},
 location = {Santa Fe, New Mexico, USA},
 pages = {97--106},
 numpages = {10},
 url = {http://doi.acm.org/10.1145/1882291.1882308},
 doi = {10.1145/1882291.1882308},
 acmid = {1882308},
 publisher = {ACM},
 address = {New York, NY, USA},
 keywords = {apache, bias, case study, manual annotation, tool},
} 

@inproceedings{Guo2010,
 author = {Guo, Philip J. and Zimmermann, Thomas and Nagappan, Nachiappan and 
Murphy, Brendan},
 title = {Characterizing and Predicting Which Bugs Get Fixed: An Empirical Study 
of Microsoft Windows},
 booktitle = {Proceedings of the 32Nd ACM/IEEE International Conference on 
Software Engineering - Volume 1},
 series = {ICSE '10},
 year = {2010},
 isbn = {978-1-60558-719-6},
 location = {Cape Town, South Africa},
 pages = {495--504},
 numpages = {10},
 url = {http://doi.acm.org/10.1145/1806799.1806871},
 doi = {10.1145/1806799.1806871},
 acmid = {1806871},
 publisher = {ACM},
 address = {New York, NY, USA},
} 

@inproceedings{Bhattacharya2011,
 author = {Bhattacharya, Pamela and Neamtiu, Iulian},
 title = {Bug-fix Time Prediction Models: Can We Do Better?},
 booktitle = {Proceedings of the 8th Working Conference on Mining Software 
Repositories},
 series = {MSR '11},
 year = {2011},
 isbn = {978-1-4503-0574-7},
 location = {Waikiki, Honolulu, HI, USA},
 pages = {207--210},
 numpages = {4},
 url = {http://doi.acm.org/10.1145/1985441.1985472},
 doi = {10.1145/1985441.1985472},
 acmid = {1985472},
 publisher = {ACM},
 address = {New York, NY, USA},
 keywords = {bug report triage, bug-fix time, issue tracking, statistical 
model},
} 

@inproceedings{Panjer2007,
 author = {Panjer, Lucas D.},
 title = {Predicting Eclipse Bug Lifetimes},
 booktitle = {Proceedings of the Fourth International Workshop on Mining 
Software Repositories},
 series = {MSR '07},
 year = {2007},
 isbn = {0-7695-2950-X},
 pages = {29--},
 url = {http://dx.doi.org/10.1109/MSR.2007.25},
 doi = {10.1109/MSR.2007.25},
 acmid = {1269043},
 publisher = {IEEE Computer Society},
 address = {Washington, DC, USA},
} 

@inproceedings{Herraiz2008,
 author = {Herraiz, Israel and German, Daniel M. and Gonzalez-Barahona, Jesus M. 
and Robles, Gregorio},
 title = {Towards a Simplification of the Bug Report Form in Eclipse},
 booktitle = {Proceedings of the 2008 International Working Conference on Mining 
Software Repositories},
 series = {MSR '08},
 year = {2008},
 isbn = {978-1-60558-024-1},
 location = {Leipzig, Germany},
 pages = {145--148},
 numpages = {4},
 url = {http://doi.acm.org/10.1145/1370750.1370786},
 doi = {10.1145/1370750.1370786},
 acmid = {1370786},
 publisher = {ACM},
 address = {New York, NY, USA},
 keywords = {bug report, bug tracking system, eclipse, msr challenge},
} 

@inproceedings{Hooimeijer2007,
 author = {Hooimeijer, Pieter and Weimer, Westley},
 title = {Modeling Bug Report Quality},
 booktitle = {Proceedings of the Twenty-second IEEE/ACM International Conference 
on Automated Software Engineering},
 series = {ASE '07},
 year = {2007},
 isbn = {978-1-59593-882-4},
 location = {Atlanta, Georgia, USA},
 pages = {34--43},
 numpages = {10},
 url = {http://doi.acm.org/10.1145/1321631.1321639},
 doi = {10.1145/1321631.1321639},
 acmid = {1321639},
 publisher = {ACM},
 address = {New York, NY, USA},
 keywords = {bug report triage, information retrieval, issue tracking, 
statistical model},
} 

@inproceedings{Jiang2013,
 author = {Jiang, Yujuan and Adams, Bram and German, Daniel M.},
 title = {Will My Patch Make It? And How Fast?: Case Study on the Linux Kernel},
 booktitle = {Proceedings of the 10th Working Conference on Mining Software
Repositories},
 series = {MSR '13},
 year = {2013},
 isbn = {978-1-4673-2936-1},
 location = {San Francisco, CA, USA},
 pages = {101--110},
 numpages = {10},
 url = {http://dl.acm.org/citation.cfm?id=2487085.2487111},
 acmid = {2487111},
 publisher = {IEEE Press},
 address = {Piscataway, NJ, USA},
}

@inproceedings{Jeong2009,
  title={Improving bug triage with bug tossing graphs},
  author={Jeong, Gaeul and Kim, Sunghun and Zimmermann, Thomas},
  booktitle={Proceedings of the the 7th joint meeting of the European software 
  engineering conference and the ACM SIGSOFT symposium on The foundations of 
  software engineering},
  pages={111--120},
  year={2009},
  organization={ACM}
}

@INPROCEEDINGS{Saha2014, 
author={Saha, R.K. and Khurshid, S. and Perry, D.E.}, 
booktitle={2014 Software Evolution Week - IEEE Conference onSoftware
Maintenance, Reengineering and Reverse Engineering (CSMR-WCRE)},            
title={An empirical study of long lived bugs}, 
year={2014}, 
month={Feb}, 
pages={144-153}, 
doi={10.1109/CSMR-WCRE.2014.6747164},
}

@inproceedings{Mantyla2013,
  title={On Rapid Releases and Software Testing},
  author={Mantyla, Mika V and Khomh, Foutse and Adams, Bram and Engstrom, 
  Emelie and Petersen, Kai},
  booktitle={Software Maintenance (ICSM), 2013 29th IEEE International 
  Conference on},
  pages={20--29},
  year={2013},
  organization={IEEE}
}

@article{Mockus:2002,
 author = {Mockus, Audris and Fielding, Roy T. and Herbsleb, James D.},
 title = {Two Case Studies of Open Source Software Development: Apache and 
 Mozilla},
 journal = {ACM Trans. Softw. Eng. Methodol.},
 issue_date = {July 2002},
 volume = {11},
 number = {3},
 month = jul,
 year = {2002},
 issn = {1049-331X},
 pages = {309--346},
 numpages = {38},
 url = {http://doi.acm.org/10.1145/567793.567795},
 doi = {10.1145/567793.567795},
 acmid = {567795},
 publisher = {ACM},
 address = {New York, NY, USA},
 keywords = {Apache, Mozilla, Open source software, code ownership, defect 
 density, repair interval},
}

@inproceedings{bettenburg2008makes,
  title={What makes a good bug report?},
  author={Bettenburg, Nicolas and Just, Sascha and Schr{\"o}ter, Adrian and Weiss, Cathrin and Premraj, Rahul and Zimmermann, Thomas},
  booktitle={Proceedings of the 16th ACM SIGSOFT International Symposium on Foundations of software engineering},
  pages={308--318},
  year={2008},
  organization={ACM}
}

@inproceedings{giuliano2008,
  author    = {Giuliano Antoniol and
               Kamel Ayari and
               Massimiliano Di Penta and
               Foutse Khomh and
               Yann{-}Ga{\"{e}}l Gu{\'{e}}h{\'{e}}neuc},
  title     = {Is it a bug or an enhancement?: a text-based approach to classify
               change requests},
  booktitle = {Proceedings of the 2008 conference of the Centre for Advanced Studies
               on Collaborative Research, October 27-30, 2008, Richmond Hill, Ontario,
               Canada},
  pages     = {23},
  year      = {2008},
}


@article{herbsleb2003empirical,
  title={An empirical study of speed and communication in globally distributed software development},
  author={Herbsleb, James D and Mockus, Audris},
  journal={Software Engineering, IEEE Transactions on},
  volume={29},
  number={6},
  pages={481--494},
  year={2003},
  publisher={IEEE}
}

@inproceedings{Anvik2006,
 author = {Anvik, John and Hiew, Lyndon and Murphy, Gail C.},
 title = {Who Should Fix This Bug?},
 booktitle = {Proceedings of the 28th International Conference on Software 
Engineering},
 series = {ICSE '06},
 year = {2006},
 isbn = {1-59593-375-1},
 location = {Shanghai, China},
 pages = {361--370},
 numpages = {10},
}

@inproceedings{schroter2010stack,
  title={Do stack traces help developers fix bugs?},
  author={Schroter, Adrian and Bettenburg, Nicolas and Premraj, Rahul},
  booktitle={Mining Software Repositories (MSR), 2010 7th IEEE Working Conference on},
  pages={118--121},
  year={2010},
  organization={IEEE}
}

@inproceedings{costa2014empirical,
  title={An Empirical Study of Delays in the Integration of Addressed Issues},
  author={Costa, Daniel Alencar da and Abebe, Surafel Lemma and McIntosh, Shane and Kulesza, Uir{\'a} and Hassan, Ahmed E},
  booktitle={Software Maintenance and Evolution (ICSME), 2014 IEEE International Conference on},
  pages={281--290},
  year={2014},
  organization={IEEE}
}

@article{brier1950verification,
  title={Verification of forecasts expressed in terms of probability},
  author={Brier, Glenn W},
  journal={Monthly weather review},
  volume={78},
  number={1},
  pages={1--3},
  year={1950}
}

@misc{kendall1990correlation,
  title={Correlation methods},
  author={Kendall, Maurice and Gibbons, JDR},
  year={1990},
  publisher={Oxford: Oxford University Press}
}

@article{subramaniam2009determinants,
  title={Determinants of open source software project success: A longitudinal study},
  author={Subramaniam, Chandrasekar and Sen, Ravi and Nelson, Matthew L},
  journal={Decision Support Systems},
  volume={46},
  number={2},
  pages={576--585},
  year={2009},
  publisher={Elsevier}
}

@article{delone2003delone,
  title={The DeLone and McLean model of information systems success: a ten-year update},
  author={Delone, William H and McLean, Ephraim R},
  journal={Journal of management information systems},
  volume={19},
  number={4},
  pages={9--30},
  year={2003},
  publisher={Taylor \& Francis}
}

